@misc{ehr,
    author = {Aamna},
    title = {HW1 Machine Learning for EHR},
    publisher = {Kaggle},
    year = {2023},
    url = {https://kaggle.com/competitions/hw1-machine-learning-for-ehr}
}