@misc{ehr,
    author = {Aamna},
    title = {HW1 Machine Learning for EHR},
    publisher = {Kaggle},
    year = {2023},
    url = {https://kaggle.com/competitions/hw1-machine-learning-for-ehr}
}

@volo{volo,
  author = {Volodkevich, A.},
  title = {AUC and its implementation in CatBoost, Medium. Towards Data Science.},
  publisher = {Medium},
  url = { https://towardsdatascience.com/auc-and-its-implementation-in-catboost-6bc740c01f98 (Accessed: March 13, 2023)}
}

@violin{joel,
  author = {Joel Carron},
  title = {Violin Plots 101: Visualizing Distribution and Probability Density },
  url = {https://mode.com/blog/violin-plot-examples/ (Accessed: March 13, 2023)}
}

@auto{auto,
  author = {Autogluon},
  title = {AutoML for Text, Image, Time Series, and Tabular Data â€” AutoGluon Documentation 0.7.0 documentation (2023).},

  url = {https://auto.gluon.ai/stable/index.html (Accessed: 13 March 2023).}
}